[gd_scene load_steps=9 format=2]

[ext_resource path="res://scenes/Player.tscn" type="PackedScene" id=1]
[ext_resource path="res://scripts/Main.gdns" type="Script" id=2]
[ext_resource path="res://scenes/Forest.tscn" type="PackedScene" id=3]
[ext_resource path="res://scenes/Camera.tscn" type="PackedScene" id=4]

[sub_resource type="Animation" id=3]
resource_name = "Pixelize"
length = 0.4
tracks/0/type = "value"
tracks/0/path = NodePath("AnimationPlayer/CanvasLayer/ColorRect:visible")
tracks/0/interp = 1
tracks/0/loop_wrap = true
tracks/0/imported = false
tracks/0/enabled = true
tracks/0/keys = {
"times": PoolRealArray( 0, 0.4 ),
"transitions": PoolRealArray( 1, 1 ),
"update": 1,
"values": [ true, false ]
}
tracks/1/type = "value"
tracks/1/path = NodePath("AnimationPlayer/CanvasLayer/ColorRect:material:shader_param/size_x")
tracks/1/interp = 1
tracks/1/loop_wrap = true
tracks/1/imported = false
tracks/1/enabled = true
tracks/1/keys = {
"times": PoolRealArray( 0, 0.2, 0.4 ),
"transitions": PoolRealArray( 1, 1, 1 ),
"update": 0,
"values": [ 0.001, 0.005, 0.001 ]
}
tracks/2/type = "value"
tracks/2/path = NodePath("AnimationPlayer/CanvasLayer/ColorRect:material:shader_param/size_y")
tracks/2/interp = 1
tracks/2/loop_wrap = true
tracks/2/imported = false
tracks/2/enabled = true
tracks/2/keys = {
"times": PoolRealArray( 0, 0.2, 0.4 ),
"transitions": PoolRealArray( 1, 1, 1 ),
"update": 0,
"values": [ 0.001, 0.005, 0.001 ]
}

[sub_resource type="Animation" id=4]
length = 0.001
tracks/0/type = "value"
tracks/0/path = NodePath("AnimationPlayer/CanvasLayer/ColorRect:material:shader_param/size_x")
tracks/0/interp = 1
tracks/0/loop_wrap = true
tracks/0/imported = false
tracks/0/enabled = true
tracks/0/keys = {
"times": PoolRealArray( 0 ),
"transitions": PoolRealArray( 1 ),
"update": 0,
"values": [ 0.001 ]
}
tracks/1/type = "value"
tracks/1/path = NodePath("AnimationPlayer/CanvasLayer/ColorRect:material:shader_param/size_y")
tracks/1/interp = 1
tracks/1/loop_wrap = true
tracks/1/imported = false
tracks/1/enabled = true
tracks/1/keys = {
"times": PoolRealArray( 0 ),
"transitions": PoolRealArray( 1 ),
"update": 0,
"values": [ 0.001 ]
}

[sub_resource type="Shader" id=1]
code = "shader_type canvas_item;

uniform float size_x = 0.008;
uniform float size_y = 0.008;

void fragment() {
	vec2 uv = SCREEN_UV;
	uv -= mod(uv, vec2(size_x, size_y));
	
	COLOR.rgb = textureLod(SCREEN_TEXTURE, uv, 0.0).rgb;
}"

[sub_resource type="ShaderMaterial" id=2]
shader = SubResource( 1 )
shader_param/size_x = 0.001
shader_param/size_y = 0.001

[node name="Main" type="Node"]
script = ExtResource( 2 )

[node name="AnimationPlayer" type="AnimationPlayer" parent="."]
anims/Pixelize = SubResource( 3 )
anims/RESET = SubResource( 4 )

[node name="CanvasLayer" type="CanvasLayer" parent="AnimationPlayer"]

[node name="ColorRect" type="ColorRect" parent="AnimationPlayer/CanvasLayer"]
visible = false
material = SubResource( 2 )
anchor_right = 1.0
anchor_bottom = 1.0
__meta__ = {
"_edit_use_anchors_": false
}

[node name="Player" parent="." instance=ExtResource( 1 )]

[node name="Forest" parent="." instance=ExtResource( 3 )]

[node name="Camera" parent="." instance=ExtResource( 4 )]
